<?xml version="1.0" encoding="UTF-8"?><collection><record><leader>09101ntm a2200589 a 4500</leader><controlfield tag="001">006795355</controlfield><controlfield tag="003">MiAaHDL</controlfield><controlfield tag="005">20190719000000.0</controlfield><controlfield tag="006">m        d        </controlfield><controlfield tag="007">cr bn ---auaua</controlfield><controlfield tag="008">090520s1884    tu            00| ||ara d</controlfield><datafield tag="035" ind1=" " ind2=" "><subfield code="a">(MiU)006795355</subfield></datafield><datafield tag="035" ind1=" " ind2=" "><subfield code="a">sdr-miu006795355</subfield></datafield><datafield tag="040" ind1=" " ind2=" "><subfield code="a">MiU</subfield><subfield code="c">MiU</subfield><subfield code="e">amremm</subfield></datafield><datafield tag="043" ind1=" " ind2=" "><subfield code="a">n-us-mi</subfield></datafield><datafield tag="100" ind1="1" ind2=" "><subfield code="6">880-01</subfield><subfield code="a">Nābulusī, Aḥmad ibn Muḥammad al-Khammāsh,</subfield><subfield code="d">fl. 1884.</subfield></datafield><datafield tag="245" ind1="1" ind2="3"><subfield code="6">880-02</subfield><subfield code="a">al-ʻIqd al-munaẓẓam fī iftirāḍ ṭāʻat al-khalīfah al-aʻẓam,</subfield><subfield code="f">[ca. 1301, i.e. 1884].</subfield></datafield><datafield tag="260" ind1=" " ind2=" "><subfield code="a">[Istanbul,</subfield><subfield code="c">ca. 1884].</subfield></datafield><datafield tag="300" ind1=" " ind2=" "><subfield code="a">36 leaves :</subfield><subfield code="b">paper ;</subfield><subfield code="c">192 x 131 (117 x 65) mm. 'bound' to 203 x 133 mm.</subfield></datafield><datafield tag="500" ind1=" " ind2=" "><subfield code="a">Shelfmark: Ann Arbor, University of Michigan, Special Collections Library, Isl. Ms. 218</subfield></datafield><datafield tag="500" ind1=" " ind2=" "><subfield code="a">Origin: As appears in colophon on p.71, composition completed ("wa-kāna al-farāgh min jamʻ hādhihi al-risālah wa-tartībihā...") 17 Jumādá I 1301 [ca. 15 March 1884] in Istanbul (دار الخلافة العثمانية) ; transcription likely soon after.</subfield></datafield><datafield tag="500" ind1=" " ind2=" "><subfield code="a">Former shelfmark: "508 T. De M. [i.e. Tammaro De Marinis]" inscribed in pencil on verso of front flyleaf ; "212" inscribed in pencil on 'title page' (p.3).</subfield></datafield><datafield tag="500" ind1=" " ind2=" "><subfield code="a">Binding: Only dark brown spine leather remains of cover original to textblock ; currently slipped into an ill-fitting (too large) cover with pasteboards covered in tan (to olive green, see flap) leather, though upper cover now lost ; Type II binding (with flap) ; doublures in red leather with scalloped mandorla and pendants in gold-painted filigree leather appliqué over red, blue and green paper, along with tooled and gold-painted accents and border ; flyleaves in seafoam green surface-dyed wove paper with gold-painted border ; upper and lower covers bear exquisite gold-stamped mandorla (filled with vegetal composition reminiscent of Déroche class. OAi2 7), pendants and cornerpieces, with gold-tooled accents and border in a series of oval stamps ; design continues on envelope flap ; sewn in green thread, two stations ; worked chevron endbands in green and gold, intact ; overall in rather poor condition with upper cover lost and lower cover and flap completely detached, lifting and losses of leather, abrasion, etc.</subfield></datafield><datafield tag="500" ind1=" " ind2=" "><subfield code="a">Support: non-European laid paper (Persian?) with 10-12 laid lines per cm. with some curving and sagging ; very highly burnished to glossy ; crisp though sturdy ; dark cream in color.</subfield></datafield><datafield tag="500" ind1=" " ind2=" "><subfield code="a">Decoration: Exquisite illuminated titlepiece on 'titlepage' (p.3) consisting of upper and lower rectangular panels carrying the title lettered in gold and a central diamond-shaped panel carrying the ex libris, accented by superb swirling floral vegetal decoration (gold, red, green-blue, etc.) in further upper and lower rectangular panels and in the area surrounding the central diamond shape ; elegant illuminated headpiece (ʻunwān) at opening of text on p.5 consisting of tall, vaguely w-shaped piece with two additional small domes filled with a swirling floral vegetal design in pink, white, green, gold, etc. on a field of gold ; entire piece is set in a well filled with floral vegetal design in gold, pink, white, and green and surmounted by vertical stalks (tīgh) in red and deep blue (lapis lazuli or cobalt) ; incipit and facing page carry illuminated marginal decoration in the form of a border of swirling vines and flowers entirely in gold ; written area of incipit and facing page accented by gold cloudbands ; written area surrounded by frame consisting of heavy gold band outlined by gold and black fillets ; illuminated textual dividers in the form of rosettes, florets, knots, discs, etc. with red and green accents, no two on a page alike in composition ; keywords, hadith excerpts, etc. chrysographed ; edges of the textblock gilded (gilt).</subfield></datafield><datafield tag="500" ind1=" " ind2=" "><subfield code="a">Script: Naskh ; elegant Ottoman hand, very well-executed ; partially serifed with right-sloping head-serif on ascenders of lām, ṭāʼ, etc. but not on free-standing alif ; mainly open counters ; curvilinear descenders ; rightward descenders tapered ; pointing in distinct dots, liberally spaced ; some elongation of horizontal strokes ; partially vocalized.</subfield></datafield><datafield tag="500" ind1=" " ind2=" "><subfield code="a">Layout: Written in 13 lines per page ; frame-ruled.</subfield></datafield><datafield tag="500" ind1=" " ind2=" "><subfield code="a">Collation: i, VI (12), 2 V(32), II (36), i ; catchwords present ; pagination in pencil, Western numerals, supplied during digitization.</subfield></datafield><datafield tag="500" ind1=" " ind2=" "><subfield code="a">Dedication: Lengthy statement following titlepiece and preceding opening (see pp.4-5).</subfield></datafield><datafield tag="500" ind1=" " ind2=" "><subfield code="a">Colophon: "Authorial," rectangular, reads: "وكان الفراغ من جمع هذه الرسالة وترتيبها في اليوم السابع عشر من شهر جمادى الاول سنة الف وثلاثمائة واحد في دار الخلافة العثمانية ايام دولة امير المؤمنين وخليفة رسول رب العالمين سلطان سلاطين البسيطة من قاص وداني مولانا السلطان الغازي عبد الحميد خان الثاني خلد الله تعالى ملكه امين"</subfield></datafield><datafield tag="500" ind1=" " ind2=" "><subfield code="a">Explicit: "وان يحب لهم ما يحب لنفسه من الخير ويكره لهم ما يكره لنفسه من الشر وان يذب عن اموالهم واعراضهم وان يحثهم على التخلق باخلاق الله ورسوله اقتداء بما كان عليه السلف الصالح وهذا اخر ما وفق الله تعالى لاملائه وجمعه والحمد لله اولا واخرا ظاهرا وباطنا والصلاة والسلام على خاتم النبوة وعلى جميع النبيين وعلى جميع عباد الله الصالحين"</subfield></datafield><datafield tag="500" ind1=" " ind2=" "><subfield code="a">Incipit: "ان ازهى ما تزينت به وجنات الطروس وازكى ما تعطرت به الارواح وانتعشت به النفوس حمد من رتب نظام العالم ببدائع غرائب حكمته ... وبعد فيقول العبد الفقير احمد بن محمد الخماش النابلسي اني ممن بلي بمعانات الاسفار والرحلة من دار الى دار وقد حبب الله لي اجتناء ثمرات الاخبار ... ولهذا طالما يلوح في خاطري ... بان اخدم الدين الحنفي والامة المحمدية بخدمة يعود نفعها على عموم اهل الملة الاسلامية ... فشرعت في جمع آيات قرآنية واحاديث نبوية دالة على افتراض طاعة اولى الامر من الملوك والسلاطين واتبعت ذلك بنبذ شريفة من علم السياسة وسميت هذا المؤلف المختصر بالعقد المنظم في افتراض طاعة الخليفة الاعظم ورتبته على مقدمة وبابين وفصلين وخاتمة ومن الله استمد القبول والتوفيق انه ولي ذلك"</subfield></datafield><datafield tag="500" ind1=" " ind2=" "><subfield code="a">Title from titlepiece on p.3 and opening on p.10.</subfield></datafield><datafield tag="500" ind1=" " ind2=" "><subfield code="a">Ms. codex.</subfield></datafield><datafield tag="520" ind1="8" ind2=" "><subfield code="a">Elegant copy of a collection of Qurʼānic verses and traditions (aḥādīth) on the duty of obedience to rulers and principally the Ottoman sultan as holder of the 'caliphate,' spiritual leader for Muslims and defender of Islam. Compiled and arranged by Aḥmad ibn Muḥammad al-Khammāsh al-Nābulusī on the order of Sultan Abdülhamit II (1842-1918, r.1876-1909).</subfield></datafield><datafield tag="538" ind1=" " ind2=" "><subfield code="a">Mode of access: Internet.</subfield></datafield><datafield tag="541" ind1=" " ind2=" "><subfield code="c">Purchase ;</subfield><subfield code="a">Acquired by purchase (funds donated by Horace Rackham).</subfield><subfield code="d">1924.</subfield></datafield><datafield tag="546" ind1=" " ind2=" "><subfield code="a">Arabic.</subfield></datafield><datafield tag="561" ind1=" " ind2=" "><subfield code="a">Inscriptions in pencil on front flyleaf "508 T. De M. [i.e. Tammaro De Marinis]" and 'title page' (p.3) "212" ; in illuminated titlepiece on p.3, ex libris of the Ottoman Sultan Abdülhamit II (1842-1918, r.1876-1909), reads, "برسم الخزينة الشريفة الملوكانية خزانة سلطان سلاطين البسيطة من قاص وداني مولانا السلطان الغازي عبد الحميد خان الثاني" ; a detailed patronage/dedication statement immediately follows the titlepiece (prior to the opening of the text on pp.4-5) and further indicates that the treatise itself was composed on the order of Sultan Abdülhamit II.</subfield></datafield><datafield tag="630" ind1="0" ind2="0"><subfield code="a">Qurʼan</subfield><subfield code="x">Criticism, interpretation, etc.</subfield></datafield><datafield tag="650" ind1=" " ind2="0"><subfield code="a">Manuscripts, Arabic</subfield><subfield code="z">Michigan</subfield><subfield code="z">Ann Arbor.</subfield></datafield><datafield tag="650" ind1=" " ind2="0"><subfield code="a">Hadith</subfield><subfield code="x">Criticism, interpretation, etc.</subfield></datafield><datafield tag="650" ind1=" " ind2="0"><subfield code="a">Islam and politics</subfield><subfield code="z">Turkey.</subfield></datafield><datafield tag="650" ind1=" " ind2="0"><subfield code="a">Kings and rulers (Islamic law).</subfield></datafield><datafield tag="650" ind1=" " ind2="0"><subfield code="a">Caliphate.</subfield></datafield><datafield tag="650" ind1=" " ind2="0"><subfield code="a">Muslims</subfield><subfield code="x">Conduct of life.</subfield></datafield><datafield tag="650" ind1=" " ind2="0"><subfield code="a">Obedience</subfield><subfield code="x">Religious aspects</subfield><subfield code="x">Islam.</subfield></datafield><datafield tag="655" ind1=" " ind2="7"><subfield code="a">Headpieces (layout features)</subfield><subfield code="y">19th century.</subfield><subfield code="2">aat</subfield></datafield><datafield tag="700" ind1="0" ind2=" "><subfield code="a">Abdülhamid</subfield><subfield code="b">II,</subfield><subfield code="c">Sultan of the Turks,</subfield><subfield code="d">1842-1918,</subfield><subfield code="e">patron,</subfield><subfield code="e">former owner.</subfield></datafield><datafield tag="773" ind1="0" ind2=" "><subfield code="a">Abdul Hamid Collection.</subfield></datafield><datafield tag="880" ind1="1" ind2="2"><subfield code="6">245-02/</subfield><subfield code="a">العقد المنظم في افتراض طاعة الخليفة الاعظم,</subfield><subfield code="f">[ح 1301ه, 1884م].</subfield></datafield><datafield tag="880" ind1="1" ind2=" "><subfield code="6">100-01/</subfield><subfield code="a">نابلسي، احمد بن محمد الخماش.</subfield></datafield><datafield tag="CID" ind1=" " ind2=" "><subfield code="a">006795355</subfield></datafield><datafield tag="DAT" ind1="0" ind2=" "><subfield code="a">20190719102636.0</subfield><subfield code="b">20190719000000.0</subfield></datafield><datafield tag="DAT" ind1="1" ind2=" "><subfield code="a">20190719090653.0</subfield><subfield code="b">2019-07-19T16:11:18Z</subfield></datafield><datafield tag="DAT" ind1="2" ind2=" "><subfield code="a">2015-10-02T18:00:03Z</subfield><subfield code="b">2014-04-23T20:00:03Z</subfield></datafield><datafield tag="CAT" ind1=" " ind2=" "><subfield code="a">SDR-MIU</subfield><subfield code="d">EX LIBRIS - ALEPH</subfield><subfield code="l">prepare.pl-004-008</subfield></datafield><datafield tag="FMT" ind1=" " ind2=" "><subfield code="a">BK</subfield></datafield><datafield tag="HOL" ind1=" " ind2=" "><subfield code="0">sdr-miu006795355</subfield><subfield code="a">MiU</subfield><subfield code="b">SDR</subfield><subfield code="c">MIU</subfield><subfield code="p">mdp.39015079126234</subfield><subfield code="s">MIU</subfield><subfield code="1">006795355</subfield></datafield><datafield tag="974" ind1=" " ind2=" "><subfield code="b">MIU</subfield><subfield code="c">MIU</subfield><subfield code="d">20190719</subfield><subfield code="s">lit-dlps-dc</subfield><subfield code="u">mdp.39015079126234</subfield><subfield code="y">1884</subfield><subfield code="r">pd</subfield><subfield code="q">add</subfield></datafield></record></collection>